<?xml version="1.0" encoding="UTF-8"?>

<collection xmlns="http://www.loc.gov/MARC21/slim">
<record>
  <leader>01153cjm a22002771a 4500</leader>
  <controlfield tag="001">   00000838 </controlfield>
  <controlfield tag="003">DLC</controlfield>
  <controlfield tag="005">20030506181700.0</controlfield>
  <controlfield tag="007">sd|zsngnnmmned</controlfield>
  <controlfield tag="008">000824s1998    nyuppn                  d</controlfield>
  <datafield tag="050" ind1="0" ind2="0">
    <subfield code="a">SDA 16949</subfield>
  </datafield>
  <datafield tag="010" ind1=" " ind2=" ">
    <subfield code="a">   00000838 </subfield>
  </datafield>
  <datafield tag="020" ind1=" " ind2=" ">
    <subfield code="c">$15.98</subfield>
  </datafield>
  <datafield tag="024" ind1="1" ind2=" ">
    <subfield code="a">601215312621</subfield>
  </datafield>
  <datafield tag="028" ind1="0" ind2="2">
    <subfield code="a">UPTD 53126</subfield>
    <subfield code="b">Universal Records</subfield>
  </datafield>
  <datafield tag="035" ind1=" " ind2=" ">
    <subfield code="a">(OCoLC)ocm39655785</subfield>
  </datafield>
  <datafield tag="040" ind1=" " ind2=" ">
    <subfield code="a">OCO</subfield>
    <subfield code="c">OCO</subfield>
    <subfield code="d">DLC</subfield>
  </datafield>
  <datafield tag="042" ind1=" " ind2=" ">
    <subfield code="a">lcderive</subfield>
  </datafield>
  <datafield tag="100" ind1="0" ind2=" ">
    <subfield code="a">McGruff</subfield>
    <subfield code="c">(Musician)</subfield>
  </datafield>
  <datafield tag="245" ind1="1" ind2="0">
    <subfield code="a">Destined to be</subfield>
    <subfield code="h">[sound recording] /</subfield>
    <subfield code="c">McGruff.</subfield>
  </datafield>
  <datafield tag="260" ind1=" " ind2=" ">
    <subfield code="a">New York, NY :</subfield>
    <subfield code="b">Universal Records,</subfield>
    <subfield code="c">p1998.</subfield>
  </datafield>
  <datafield tag="300" ind1=" " ind2=" ">
    <subfield code="a">1 sound disc :</subfield>
    <subfield code="b">digital ;</subfield>
    <subfield code="c">4 3/4 in.</subfield>
  </datafield>
  <datafield tag="500" ind1=" " ind2=" ">
    <subfield code="a">Compact disc.</subfield>
  </datafield>
  <datafield tag="511" ind1="0" ind2=" ">
    <subfield code="a">Rap music performed by McGruff ; with accomp. musicians.</subfield>
  </datafield>
  <datafield tag="505" ind1="0" ind2=" ">
    <subfield code="a">Gruff express -- Harlem kidz get biz -- This is how we do -- Many know -- Exquisite -- The spot (interlude) -- What part of the game -- Who holds his own -- What cha doin&apos; to me -- Destined to be -- Freestyle -- Dangerzone -- What you want -- Before we start -- Reppin&apos; uptown (featuring The Lox) -- The signing (interlude) -- Stop it -- Before we start (remix) (bonus track).</subfield>
  </datafield>
  <datafield tag="650" ind1=" " ind2="0">
    <subfield code="a">Rap (Music)</subfield>
  </datafield>
</record>