
<record>
  <leader>01920cjm a22003611a 4500</leader>
  <controlfield tag="001">   00000839 </controlfield>
  <controlfield tag="003">DLC</controlfield>
  <controlfield tag="005">20020626181705.0</controlfield>
  <controlfield tag="007">sd|zsngnnmmned</controlfield>
  <controlfield tag="008">000824s1998    caujzn   fi             d</controlfield>
  <datafield tag="028" ind1="0" ind2="2">
    <subfield code="a">RR-65902</subfield>
    <subfield code="b">Rumpus Records</subfield>
  </datafield>
  <datafield tag="050" ind1="0" ind2="0">
    <subfield code="a">SDA 16944</subfield>
  </datafield>
  <datafield tag="010" ind1=" " ind2=" ">
    <subfield code="a">   00000839 </subfield>
  </datafield>
  <datafield tag="024" ind1="1" ind2=" ">
    <subfield code="a">0936365902</subfield>
  </datafield>
  <datafield tag="024" ind1="1" ind2=" ">
    <subfield code="a">709363659022</subfield>
  </datafield>
  <datafield tag="028" ind1="0" ind2="1">
    <subfield code="a">RR-65902</subfield>
    <subfield code="b">Rumpus Records</subfield>
  </datafield>
  <datafield tag="035" ind1=" " ind2=" ">
    <subfield code="a">(OCoLC)ocm40937599 </subfield>
  </datafield>
  <datafield tag="040" ind1=" " ind2=" ">
    <subfield code="a">CCP</subfield>
    <subfield code="c">CCP</subfield>
    <subfield code="d">OCL</subfield>
    <subfield code="d">DLC</subfield>
  </datafield>
  <datafield tag="041" ind1="0" ind2=" ">
    <subfield code="d">eng</subfield>
    <subfield code="g">eng</subfield>
  </datafield>
  <datafield tag="042" ind1=" " ind2=" ">
    <subfield code="a">lcderive</subfield>
  </datafield>
  <datafield tag="100" ind1="1" ind2=" ">
    <subfield code="a">Lucky, Steve.</subfield>
    <subfield code="4">cmp</subfield>
    <subfield code="4">voc</subfield>
  </datafield>
  <datafield tag="245" ind1="1" ind2="0">
    <subfield code="a">Come out swingin&apos;!</subfield>
    <subfield code="h">[sound recording] /</subfield>
    <subfield code="c">Steve Lucky &amp; the Rhumba Bums.</subfield>
  </datafield>
  <datafield tag="260" ind1=" " ind2=" ">
    <subfield code="a">Emeryville, CA :</subfield>
    <subfield code="b">Rumpus Records,</subfield>
    <subfield code="c">p1998.</subfield>
  </datafield>
  <datafield tag="300" ind1=" " ind2=" ">
    <subfield code="a">1 sound disc :</subfield>
    <subfield code="b">digital, stereo. ;</subfield>
    <subfield code="c">4 3/4 in.</subfield>
  </datafield>
  <datafield tag="500" ind1=" " ind2=" ">
    <subfield code="a">Swing music; jazz vocals and duets with instrumental ensemble.</subfield>
  </datafield>
  <datafield tag="511" ind1="0" ind2=" ">
    <subfield code="a">Steve Lucky (vocals, piano), acc. by the Rhumba Bums (Miss Carmen Getit, vocals, guitar ; Pee Wee Magee and Ben Whalen, saxophones ; Professor Humphrey Bottoms, double bass ; Michael &quot;Bam Bam&quot; Barry, drums) and assisting musicians.</subfield>
  </datafield>
  <datafield tag="518" ind1=" " ind2=" ">
    <subfield code="a">Recorded chiefly at Bay Records, Berkeley, Calif.</subfield>
  </datafield>
  <datafield tag="538" ind1=" " ind2=" ">
    <subfield code="a">Compact disc.</subfield>
  </datafield>
  <datafield tag="500" ind1=" " ind2=" ">
    <subfield code="a">Program notes on container insert.</subfield>
  </datafield>
  <datafield tag="505" ind1="0" ind2="0">
    <subfield code="t">Jumptown /</subfield>
    <subfield code="r">Steve Lucky</subfield>
    <subfield code="g">(4:38) --</subfield>
    <subfield code="t">Bye bye baby /</subfield>
    <subfield code="r">Aaron &quot;T-Bone&quot; Walker</subfield>
    <subfield code="g">(2:59) --</subfield>
    <subfield code="t">Rumpus room honeymoon /</subfield>
    <subfield code="r">Steve Lucky</subfield>
    <subfield code="g">(2:54) --</subfield>
    <subfield code="t">Daddy-O /</subfield>
    <subfield code="r">Gene DePaul &amp; Don Raye</subfield>
    <subfield code="g">(4:20) --</subfield>
    <subfield code="t">Wall to wall sax /</subfield>
    <subfield code="r">Steve Lucky</subfield>
    <subfield code="g">(3:11) --</subfield>
    <subfield code="t">Where&apos;s my gravy /</subfield>
    <subfield code="r">Rob Sudduth</subfield>
    <subfield code="g">(3:00) --</subfield>
    <subfield code="t">Down boy /</subfield>
    <subfield code="r">Paul Gayton</subfield>
    <subfield code="g">(3:58) --</subfield>
    <subfield code="t">You&apos;ve got what it takes /</subfield>
    <subfield code="r">M. Stein, C. Otis, B. Benton</subfield>
    <subfield code="g">(3:23) --</subfield>
    <subfield code="t">Jump back /</subfield>
    <subfield code="r">Hadda Brooks</subfield>
    <subfield code="g">(3:24) --</subfield>
    <subfield code="t">Ain&apos;t gonna quit ya /</subfield>
    <subfield code="r">Unknown</subfield>
    <subfield code="g">(4:03) --</subfield>
    <subfield code="t">Do the pup /</subfield>
    <subfield code="r">Steve Lucky</subfield>
    <subfield code="g">(4:08) --</subfield>
    <subfield code="t">Play it cool /</subfield>
    <subfield code="r">Steve Lucky, Carmen Getit</subfield>
    <subfield code="g">(5:21) --</subfield>
    <subfield code="t">Hoopty-doo /</subfield>
    <subfield code="r">Steve Lucky, Rob Sudduth</subfield>
    <subfield code="g">(3:13).</subfield>
  </datafield>
  <datafield tag="650" ind1=" " ind2="0">
    <subfield code="a">Swing (Music)</subfield>
  </datafield>
  <datafield tag="650" ind1=" " ind2="0">
    <subfield code="a">Jazz</subfield>
    <subfield code="y">1991-2000.</subfield>
  </datafield>
  <datafield tag="710" ind1="2" ind2=" ">
    <subfield code="a">Rhumba Bums.</subfield>
    <subfield code="4">prf</subfield>
  </datafield>
</record>