
<record>
  <leader>01187ccm a2200337 a 4500</leader>
  <controlfield tag="001">   00063123 </controlfield>
  <controlfield tag="003">DLC</controlfield>
  <controlfield tag="005">20050523094900.0</controlfield>
  <controlfield tag="008">000324s1997    moumuz         n    mul d</controlfield>
  <datafield tag="010" ind1=" " ind2=" ">
    <subfield code="a">   00063123 </subfield>
  </datafield>
  <datafield tag="020" ind1=" " ind2=" ">
    <subfield code="a">0786632550</subfield>
  </datafield>
  <datafield tag="024" ind1="1" ind2=" ">
    <subfield code="a">796279046848</subfield>
  </datafield>
  <datafield tag="028" ind1="3" ind2="2">
    <subfield code="a">MB96870</subfield>
    <subfield code="b">Mel Bay Publications</subfield>
  </datafield>
  <datafield tag="035" ind1=" " ind2=" ">
    <subfield code="a">(OCoLC)ocm40199121</subfield>
  </datafield>
  <datafield tag="040" ind1=" " ind2=" ">
    <subfield code="a">SFR</subfield>
    <subfield code="c">SFR</subfield>
    <subfield code="d">DLC</subfield>
  </datafield>
  <datafield tag="042" ind1=" " ind2=" ">
    <subfield code="a">lccopycat</subfield>
  </datafield>
  <datafield tag="047" ind1=" " ind2=" ">
    <subfield code="a">cr</subfield>
    <subfield code="a">sg</subfield>
    <subfield code="a">df</subfield>
  </datafield>
  <datafield tag="050" ind1="0" ind2="0">
    <subfield code="a">M2114.5</subfield>
    <subfield code="b">.M</subfield>
  </datafield>
  <datafield tag="245" ind1="0" ind2="0">
    <subfield code="a">Mel Bay&apos;s complete traditional holiday season fake book /</subfield>
    <subfield code="c">[arranged] by Frank Levin.</subfield>
  </datafield>
  <datafield tag="246" ind1="3" ind2="0">
    <subfield code="a">Complete traditional holiday season fake book</subfield>
  </datafield>
  <datafield tag="260" ind1=" " ind2=" ">
    <subfield code="a">Pacific, MO :</subfield>
    <subfield code="b">Mel Bay Publications,</subfield>
    <subfield code="c">c1997.</subfield>
  </datafield>
  <datafield tag="300" ind1=" " ind2=" ">
    <subfield code="a">142 p. of music ;</subfield>
    <subfield code="c">30 cm.</subfield>
  </datafield>
  <datafield tag="500" ind1=" " ind2=" ">
    <subfield code="a">Melodies with words and chord symbols.</subfield>
  </datafield>
  <datafield tag="546" ind1=" " ind2=" ">
    <subfield code="a">&quot;Lyrics in 18 languages.&quot;</subfield>
  </datafield>
  <datafield tag="505" ind1="2" ind2=" ">
    <subfield code="a">Sacred Christmas songs with English texts -- Sacred Christmas songs with non-English texts -- Secular Christmas songs and dances -- Chanukah songs -- New Year&apos;s songs and dances.</subfield>
  </datafield>
  <datafield tag="650" ind1=" " ind2="0">
    <subfield code="a">Christmas music.</subfield>
  </datafield>
  <datafield tag="650" ind1=" " ind2="0">
    <subfield code="a">Music</subfield>
    <subfield code="v">Fake books.</subfield>
  </datafield>
  <datafield tag="650" ind1=" " ind2="0">
    <subfield code="a">Carols.</subfield>
  </datafield>
  <datafield tag="650" ind1=" " ind2="0">
    <subfield code="a">Hanukkah</subfield>
    <subfield code="x">Songs and music.</subfield>
  </datafield>
  <datafield tag="650" ind1=" " ind2="0">
    <subfield code="a">New Year music.</subfield>
  </datafield>
  <datafield tag="700" ind1="1" ind2=" ">
    <subfield code="a">Levin, Frank.</subfield>
    <subfield code="4">arr</subfield>
  </datafield>
</record>