
<record>
  <leader>01795cim a22003977a 4500</leader>
  <controlfield tag="001">   00096623 </controlfield>
  <controlfield tag="003">DLC</controlfield>
  <controlfield tag="005">20060630092435.0</controlfield>
  <controlfield tag="007">sd|bmsfnnmplue</controlfield>
  <controlfield tag="007">st|omndmbnpnue</controlfield>
  <controlfield tag="008">000406s1956    caunnn         dt   eng  </controlfield>
  <datafield tag="010" ind1=" " ind2=" ">
    <subfield code="a">   00096623 </subfield>
  </datafield>
  <datafield tag="028" ind1="1" ind2="0">
    <subfield code="a">HRT-019-Q-RE</subfield>
    <subfield code="b">MacGregor</subfield>
  </datafield>
  <datafield tag="040" ind1=" " ind2=" ">
    <subfield code="a">DLC</subfield>
    <subfield code="c">DLC</subfield>
    <subfield code="d">DLC</subfield>
  </datafield>
  <datafield tag="050" ind1="0" ind2="0">
    <subfield code="a">LWO 12827 R52B1 (preservation master)</subfield>
  </datafield>
  <datafield tag="050" ind1="0" ind2="0">
    <subfield code="a">NCPC 01800-01801</subfield>
  </datafield>
  <datafield tag="050" ind1="0" ind2="0">
    <subfield code="a">RAA 42718 PNO 2 (original)</subfield>
  </datafield>
  <datafield tag="100" ind1="1" ind2=" ">
    <subfield code="a">Moltzner, Mason.</subfield>
  </datafield>
  <datafield tag="245" ind1="1" ind2="0">
    <subfield code="a">Hollywood radio theatre.</subfield>
    <subfield code="n">Program no. 19, parts 1-2,</subfield>
    <subfield code="p">McGonical</subfield>
    <subfield code="h">[sound recording] /</subfield>
    <subfield code="c">[Mason Moltzner].</subfield>
  </datafield>
  <datafield tag="246" ind1="3" ind2="0">
    <subfield code="a">McGonical</subfield>
  </datafield>
  <datafield tag="260" ind1=" " ind2=" ">
    <subfield code="a">[Hollywood, Calif. :</subfield>
    <subfield code="b">C.P. MacGregor],</subfield>
    <subfield code="c">[1956?]</subfield>
  </datafield>
  <datafield tag="300" ind1=" " ind2=" ">
    <subfield code="a">1 sound tape reel :</subfield>
    <subfield code="b">analog, 7 1/2 ips, mono. ;</subfield>
    <subfield code="c">10 in.</subfield>
  </datafield>
  <datafield tag="300" ind1=" " ind2=" ">
    <subfield code="a">1 sound disc (24 min., 41 sec.) :</subfield>
    <subfield code="b">analog, 33 1/3 rpm, mono. ;</subfield>
    <subfield code="c">16 in.</subfield>
  </datafield>
  <datafield tag="500" ind1=" " ind2=" ">
    <subfield code="a">MacGregor: HRT-019-Q-RE (matrix).</subfield>
  </datafield>
  <datafield tag="500" ind1=" " ind2=" ">
    <subfield code="a">Distributed electrical transcription recording.</subfield>
  </datafield>
  <datafield tag="511" ind1="0" ind2=" ">
    <subfield code="a">Host, C.P. MacGregor ; starring Helen Mack.</subfield>
  </datafield>
  <datafield tag="500" ind1=" " ind2=" ">
    <subfield code="a">Additional information taken from C.P. MacGregor masterbooks shelved in the Library of Congress Recorded Sound Reference Center.</subfield>
  </datafield>
  <datafield tag="500" ind1=" " ind2=" ">
    <subfield code="a">Tapes are part of the C.P. MacGregor Collection.</subfield>
  </datafield>
  <datafield tag="520" ind1=" " ind2=" ">
    <subfield code="a">Ms. Mack stars as the wife of a n&apos;eer-do-well Scotsman. She talks with C.P. MacGregor after the show.</subfield>
  </datafield>
  <datafield tag="533" ind1=" " ind2=" ">
    <subfield code="a">Preservation master.</subfield>
    <subfield code="b">Washington, D.C. :</subfield>
    <subfield code="c">Library of Congress Magnetic Recording Laboratory,</subfield>
    <subfield code="d">1979.</subfield>
    <subfield code="e">1 sound tape reel : analog, 7 1/2 ips, double track, mono. ; 10 in.</subfield>
  </datafield>
  <datafield tag="500" ind1=" " ind2=" ">
    <subfield code="a">Production level cataloging.</subfield>
  </datafield>
  <datafield tag="650" ind1=" " ind2="0">
    <subfield code="a">Test pressings (Sound recordings)</subfield>
  </datafield>
  <datafield tag="655" ind1=" " ind2="7">
    <subfield code="a">Dramas</subfield>
    <subfield code="v">Radio.</subfield>
    <subfield code="2">radfg</subfield>
  </datafield>
  <datafield tag="700" ind1="1" ind2=" ">
    <subfield code="a">Mack, Helen.</subfield>
    <subfield code="4">prf</subfield>
  </datafield>
  <datafield tag="700" ind1="1" ind2=" ">
    <subfield code="a">MacGregor, C. P.</subfield>
    <subfield code="4">hst</subfield>
  </datafield>
  <datafield tag="710" ind1="2" ind2=" ">
    <subfield code="a">C.P. MacGregor Collection (Library of Congress)</subfield>
    <subfield code="5">DLC</subfield>
  </datafield>
</record>